@misc{scipy,
 author = {SciPy},
 title = {NumPy User Guide},
 note = {\small\url{https://docs.scipy.org/doc/numpy-1.16.1/index.html}},
 year = 2019
}

@misc{opencv,
 author = {OpenCV team},
 title = {Open Source Computer Vision Documentation},
 note = {\small\url{https://docs.opencv.org}},
 year = 2019
}

@article{Pbarrett,
author = {Paul Barrett},
title = {Euclidean Distance},
year = 2005,
month = sep,
note = {\small\url{https://www.pbarrett.net/techpapers/euclid.pdf}}
}

@article{blind,
author = {Bruce Justin LindBloom},
title = {RGB Working Space Information},
year = 2001,
month = apr,
note = {\small\url{http://www.brucelindbloom.com/index.html?WorkingSpaceInfo.html}}
}

@article{geraldbakker,
author = {Gerald Bakker},
title = {Color Coding and the RGB Color Space},
year = 2014,
month = dec,
note = {\small\url{http://geraldbakker.nl/psnumbers/rgb-explained.html}}
}


